@InProceedings{1,
	author = 	 {Heinz Richard Hertlein},
	title = 	 {Fusion von Klassifikationssystemen für die automatische Sprechererkennung},
	booktitle = 	 {},
	language = 	 {german},
	OPTcrossref =  {},
	OPTkey = 	 {},
	pages = 	 {},
	year = 	 {2010},
	OPTeditor = 	 {},
	volume = 	 {},
	OPTnumber = 	 {},
	series = 	 {Dissertation},
	address = 	 {},
	OPTmonth = 	 {},
	OPTorganization = {},
	publisher = 	 {Universität Nürnberg-Erlangen},
	OPTnote = 	 {},
	OPTannote = 	 {}
}

@inproceedings{2,
  author    = {Peter Ge{\ss}ler and Matthias Wolff},
  title     = {Textabh{\"a}ngige Sprechererkennung},
  booktitle = {Tagungsband, 26. Konferenz Elektronische Sprachsignalverabeitung, 25.-27.03.2015, Eichst{\"a}tt},
  editor    = {G{\"u}nther Wirsching},
  pages     = {89 -- 96},
  year      = {2015},
}
